<OAI-PMH
        xsi:schemaLocation="http://www.openarchives.org/OAI/2.0/ http://www.openarchives.org/OAI/2.0/OAI-PMH.xsd" xmlns="http://www.openarchives.org/OAI/2.0/" xmlns:xsi="http://www.w3.org/2001/XMLSchema-instance">
    <ListRecords>
        <record>
            <header>
                <identifier>aleph-publish:020989889</identifier>
            </header>
            <metadata>
                <record xmlns="http://www.ddb.de/professionell/mabxml/mabxml-1.xsd">
                    <leader>00000nM2.01200024------h</leader>
                    <controlfield tag="LDR">00000nM2.01200024------h</controlfield>
                    <controlfield tag="FMT">MH</controlfield>
                    <datafield ind2="1" ind1="-" tag="001">
                        <subfield code="a">HT018819975</subfield>
                    </datafield>
                    <datafield ind2="1" ind1="a" tag="002">
                        <subfield code="a">20151201</subfield>
                    </datafield>
                    <datafield ind2="1" ind1="-" tag="003">
                        <subfield code="a">20160804</subfield>
                    </datafield>
                    <datafield ind2="1" ind1="a" tag="020">
                        <subfield code="a">2841320-9</subfield>
                        <subfield code="b">DNB</subfield>
                    </datafield>
                    <datafield ind2="1" ind1="a" tag="025">
                        <subfield code="a">1079532129</subfield>
                    </datafield>
                    <datafield ind2="1" ind1="z" tag="025">
                        <subfield code="a">2841320-9</subfield>
                    </datafield>
                    <datafield ind2="1" ind1="-" tag="026">
                        <subfield code="a">ZDB2841320-9</subfield>
                    </datafield>
                    <controlfield tag="030">a||dr||||||27</controlfield>
                    <datafield ind2="1" ind1="a" tag="036">
                        <subfield code="a">XA-DE</subfield>
                    </datafield>
                    <datafield ind2="1" ind1="b" tag="037">
                        <subfield code="a">ger</subfield>
                    </datafield>
                    <controlfield tag="050">||||||||g|||||</controlfield>
                    <controlfield tag="052">pst||||aa||||||</controlfield>
                    <controlfield tag="058">cr||||||||||||</controlfield>
                    <datafield ind2="1" ind1="-" tag="060">
                        <subfield code="b">txt</subfield>
                        <subfield code="a">Text</subfield>
                    </datafield>
                    <datafield ind2="1" ind1="-" tag="061">
                        <subfield code="b">c</subfield>
                        <subfield code="a">Computermedien</subfield>
                    </datafield>
                    <datafield ind2="1" ind1="-" tag="062">
                        <subfield code="b">cr</subfield>
                        <subfield code="a">Online-Ressource</subfield>
                    </datafield>
                    <datafield ind2="1" ind1="a" tag="064">
                        <subfield code="a">Zeitschrift</subfield>
                        <subfield code="9">(DE-588)4067488-5</subfield>
                    </datafield>
                    <datafield ind2="1" ind1="-" tag="070">
                        <subfield code="a">0929</subfield>
                    </datafield>
                    <datafield ind2="1" ind1="a" tag="070">
                        <subfield code="a">DNB</subfield>
                    </datafield>
                    <datafield ind2="1" ind1="b" tag="070">
                        <subfield code="a">HBZ/Setup</subfield>
                    </datafield>
                    <datafield ind2="1" ind1="c" tag="076">
                        <subfield code="a">la</subfield>
                    </datafield>
                    <datafield ind2="1" ind1="z" tag="078">
                        <subfield code="a">lzZDB</subfield>
                    </datafield>
                    <datafield ind2="1" ind1="-" tag="080">
                        <subfield code="a">90</subfield>
                    </datafield>
                    <datafield ind2="1" ind1="x" tag="085">
                        <subfield code="l">O</subfield>
                    </datafield>
                    <datafield ind2="1" ind1="x" tag="085">
                        <subfield code="l">II</subfield>
                    </datafield>
                    <datafield ind2="1" ind1="x" tag="085">
                        <subfield code="a">
                            Strukturdaten zu Privathaushalten in den Planungsfragen
                        </subfield>
                        <subfield code="d">Ergebnisse des Mikrozensus ...</subfield>
                    </datafield>
                    <datafield ind2="1" ind1="-" tag="200">
                        <subfield code="g">Rheinland-Pfalz</subfield>
                        <subfield code="9">(DE-588)4049795-1</subfield>
                    </datafield>
                    <datafield ind2="1" ind1="-" tag="201">
                        <subfield code="g">Rhineland-Palatinate</subfield>
                    </datafield>
                    <datafield ind2="1" ind1="-" tag="201">
                        <subfield code="g">Rhénanie-Palatinat</subfield>
                    </datafield>
                    <datafield ind2="1" ind1="-" tag="201">
                        <subfield code="g">Renania-Palatinado</subfield>
                    </datafield>
                    <datafield ind2="1" ind1="-" tag="201">
                        <subfield code="g">RP</subfield>
                    </datafield>
                    <datafield ind2="1" ind1="b" tag="204">
                        <subfield code="k">Rheinland-Pfalz</subfield>
                        <subfield code="b">Statistisches Landesamt</subfield>
                        <subfield code="4">isb</subfield>
                        <subfield code="3">Herausgebendes Organ</subfield>
                        <subfield code="9">(DE-588)36467-8</subfield>
                    </datafield>
                    <datafield ind2="1" ind1="-" tag="205">
                        <subfield code="k">Statistisches Landesamt</subfield>
                        <subfield code="h">Rheinland-Pfalz</subfield>
                    </datafield>
                    <datafield ind2="1" ind1="-" tag="205">
                        <subfield code="k">Statistisches Landesamt Rheinland-Pfalz</subfield>
                    </datafield>
                    <datafield ind2="1" ind1="-" tag="331">
                        <subfield code="a">Statistische Berichte</subfield>
                    </datafield>
                    <datafield ind2="1" ind1="-" tag="359">
                        <subfield code="a">
                            Herausgeber: Statistisches Landesamt Rheinland-pfalz
                        </subfield>
                    </datafield>
                    <datafield ind2="1" ind1="-" tag="360">
                        <subfield code="a">O</subfield>
                    </datafield>
                    <datafield ind2="1" ind1="-" tag="360">
                        <subfield code="a">II</subfield>
                    </datafield>
                    <datafield ind2="1" ind1="-" tag="360">
                        <subfield code="a">
                            Strukturdaten zu Privathaushalten in den Planungsfragen : Ergebnisse des Mikrozensus ...
                        </subfield>
                    </datafield>
                    <datafield ind2="1" ind1="-" tag="405">
                        <subfield code="a">2011/2014-</subfield>
                    </datafield>
                    <datafield ind2="1" ind1="-" tag="419">
                        <subfield code="a">Bad Ems</subfield>
                        <subfield code="b">Statistisches Landesamt Rheinland-Pfalz</subfield>
                        <subfield code="c">2015-</subfield>
                        <subfield code="A">3</subfield>
                    </datafield>
                    <datafield ind2="1" ind1="b" tag="425">
                        <subfield code="a">2015</subfield>
                    </datafield>
                    <datafield ind2="1" ind1="-" tag="433">
                        <subfield code="a">Online-Ressource</subfield>
                    </datafield>
                    <datafield ind2="1" ind1="b" tag="451">
                        <subfield code="a">Statistik nutzen</subfield>
                    </datafield>
                    <datafield ind2="1" ind1="-" tag="501">
                        <subfield code="a">Gesehen am 01.12.2015</subfield>
                    </datafield>
                    <datafield ind2="1" ind1="-" tag="501">
                        <subfield code="a">Bestell-Nr. O 2043</subfield>
                    </datafield>
                    <datafield ind2="1" ind1="-" tag="523">
                        <subfield code="a">
                            2011/14 mit vierjährigem Erhebungszeitraum, ab 2012 mit einjährigem Erhebungszeitraum
                        </subfield>
                    </datafield>
                    <datafield ind2="1" ind1="a" tag="545">
                        <subfield code="d">1863-1770</subfield>
                    </datafield>
                    <datafield ind2="1" ind1="b" tag="552">
                        <subfield code="a">urn:nbn:de:hbz:929:02-edoweb:70025308</subfield>
                    </datafield>
                    <datafield ind2="1" ind1="e" tag="655">
                        <subfield code="u">
                            http://www.statistik.rlp.de/veroeffentlichungen/statistische-berichte/
                        </subfield>
                        <subfield code="x">Verlag</subfield>
                        <subfield code="z">kostenfrei</subfield>
                        <subfield code="A">0</subfield>
                    </datafield>
                    <datafield ind2="1" ind1="e" tag="655">
                        <subfield code="u">https://www.edoweb-rlp.de/resource/edoweb:7002530</subfield>
                        <subfield code="x">Archivierte Online-Ressource</subfield>
                    </datafield>
                    <datafield ind2="1" ind1="-" tag="659">
                        <subfield code="a">
                            Langzeitarchivierung gewährleistet : durch das LBZ Rheinland-Pfalz, LZA
                        </subfield>
                    </datafield>
                    <datafield ind2="1" ind1="-" tag="700">
                        <subfield code="a">310</subfield>
                        <subfield code="2">ZDB</subfield>
                    </datafield>
                    <datafield ind2="1" ind1="l" tag="700">
                        <subfield code="a">810 ; 650 ; 106 ; 130 ; 131 ; 139 ; 140</subfield>
                    </datafield>
                    <controlfield tag="SYS">020989889</controlfield>
                    <datafield ind2="1" ind1="-" tag="LOW">
                        <subfield code="a">A5</subfield>
                    </datafield>
                    <datafield ind2="1" ind1="-" tag="LOW">
                        <subfield code="a">B5</subfield>
                    </datafield>
                    <datafield ind2="1" ind1="-" tag="LOW">
                        <subfield code="a">C5</subfield>
                    </datafield>
                    <datafield ind2="1" ind1="-" tag="LOW">
                        <subfield code="a">D0</subfield>
                    </datafield>
                    <datafield ind2="1" ind1="-" tag="LOW">
                        <subfield code="a">E0</subfield>
                    </datafield>
                    <datafield ind2="1" ind1="-" tag="LOW">
                        <subfield code="a">F0</subfield>
                    </datafield>
                    <datafield ind2="1" ind1="-" tag="LOW">
                        <subfield code="a">G5</subfield>
                    </datafield>
                    <datafield ind2="1" ind1="-" tag="LOW">
                        <subfield code="a">H7</subfield>
                    </datafield>
                    <datafield ind2="1" ind1="-" tag="LOW">
                        <subfield code="a">K0001</subfield>
                    </datafield>
                    <datafield ind2="1" ind1="-" tag="LOW">
                        <subfield code="a">K7</subfield>
                    </datafield>
                    <datafield ind2="1" ind1="-" tag="LOW">
                        <subfield code="a">KD</subfield>
                    </datafield>
                    <datafield ind2="1" ind1="-" tag="LOW">
                        <subfield code="a">KH</subfield>
                    </datafield>
                    <datafield ind2="1" ind1="-" tag="LOW">
                        <subfield code="a">KM</subfield>
                    </datafield>
                    <datafield ind2="1" ind1="-" tag="LOW">
                        <subfield code="a">L0</subfield>
                    </datafield>
                    <datafield ind2="1" ind1="-" tag="LOW">
                        <subfield code="a">L5</subfield>
                    </datafield>
                    <datafield ind2="1" ind1="-" tag="LOW">
                        <subfield code="a">M0</subfield>
                    </datafield>
                    <datafield ind2="1" ind1="-" tag="LOW">
                        <subfield code="a">N5</subfield>
                    </datafield>
                    <datafield ind2="1" ind1="-" tag="LOW">
                        <subfield code="a">P0001</subfield>
                    </datafield>
                    <datafield ind2="1" ind1="-" tag="LOW">
                        <subfield code="a">R0</subfield>
                    </datafield>
                    <datafield ind2="1" ind1="-" tag="LOW">
                        <subfield code="a">R1</subfield>
                    </datafield>
                    <datafield ind2="1" ind1="-" tag="LOW">
                        <subfield code="a">R2</subfield>
                    </datafield>
                    <datafield ind2="1" ind1="-" tag="LOW">
                        <subfield code="a">R3</subfield>
                    </datafield>
                    <datafield ind2="1" ind1="-" tag="LOW">
                        <subfield code="a">RL</subfield>
                    </datafield>
                    <datafield ind2="1" ind1="-" tag="LOW">
                        <subfield code="a">T0011</subfield>
                    </datafield>
                    <datafield ind2="1" ind1="-" tag="LOW">
                        <subfield code="a">T0012</subfield>
                    </datafield>
                    <datafield ind2="1" ind1="-" tag="LOW">
                        <subfield code="a">V0</subfield>
                    </datafield>
                    <datafield ind2="1" ind1="-" tag="LOW">
                        <subfield code="a">X0</subfield>
                    </datafield>
                    <datafield ind2="1" ind1="-" tag="LOW">
                        <subfield code="a">X5</subfield>
                    </datafield>
                    <datafield ind2="1" ind1="-" tag="LOW">
                        <subfield code="a">X7</subfield>
                    </datafield>
                    <datafield ind2="1" ind1="-" tag="LOW">
                        <subfield code="a">R0001</subfield>
                    </datafield>
                    <datafield ind2="1" ind1="-" tag="GKZ">
                        <subfield code="a">KF</subfield>
                    </datafield>
                    <datafield ind2="1" ind1="-" tag="LOW">
                        <subfield code="a">A5001</subfield>
                    </datafield>
                    <datafield ind2="1" ind1="-" tag="LOW">
                        <subfield code="a">N5001</subfield>
                    </datafield>
                    <datafield ind2="1" ind1="-" tag="LOW">
                        <subfield code="a">L5001</subfield>
                    </datafield>
                    <datafield ind2=" " ind1=" " tag="088">
                        <subfield code="a">929</subfield>
                        <subfield code="b">Online-Zugang</subfield>
                        <subfield code="d">2011/14(2015); 2012(2015) -</subfield>
                    </datafield>
                    <datafield ind2=" " ind1=" " tag="088">
                        <subfield code="a">38</subfield>
                    </datafield>
                    <datafield ind2=" " ind1=" " tag="088">
                        <subfield code="a">466</subfield>
                    </datafield>
                    <datafield ind2=" " ind1=" " tag="088">
                        <subfield code="a">385</subfield>
                    </datafield>
                    <datafield ind2=" " ind1=" " tag="088">
                        <subfield code="a">Tr 5</subfield>
                    </datafield>
                    <datafield ind2=" " ind1=" " tag="088">
                        <subfield code="a">A 96</subfield>
                    </datafield>
                    <datafield ind2=" " ind1=" " tag="088">
                        <subfield code="a">829</subfield>
                    </datafield>
                    <datafield ind2=" " ind1=" " tag="088">
                        <subfield code="a">743</subfield>
                    </datafield>
                    <datafield ind2="9" ind1="a" tag="652">
                        <subfield code="a">Online-Ressource</subfield>
                        <subfield code="2">R0001</subfield>
                    </datafield>
                    <datafield ind2="9" ind1="e" tag="655">
                        <subfield code="u">
                            http://www.statistik.rlp.de/veroeffentlichungen/statistische-berichte/
                        </subfield>
                        <subfield code="x">H</subfield>
                        <subfield code="z">LF</subfield>
                        <subfield code="2">R0001</subfield>
                    </datafield>
                </record>