
                <record xmlns="http://www.ddb.de/professionell/mabxml/mabxml-1.xsd">
                    <leader>------M2.01200024------h</leader>
                    <controlfield tag="LDR">------M2.01200024------h</controlfield>
                    <controlfield tag="FMT">MH</controlfield>
                    <datafield ind2="1" ind1="-" tag="001">
                        <subfield code="a">HT019098669</subfield>
                    </datafield>
                    <datafield ind2="1" ind1="a" tag="002">
                        <subfield code="a">20160921</subfield>
                    </datafield>
                    <datafield ind2="1" ind1="-" tag="003">
                        <subfield code="a">20160927</subfield>
                    </datafield>
                    <datafield ind2="1" ind1="-" tag="026">
                        <subfield code="a">HBZHT019098669</subfield>
                    </datafield>
                    <controlfield tag="030">a|1ur||||||27</controlfield>
                    <datafield ind2="1" ind1="a" tag="036">
                        <subfield code="a">DE</subfield>
                    </datafield>
                    <datafield ind2="1" ind1="b" tag="037">
                        <subfield code="a">ger</subfield>
                    </datafield>
                    <controlfield tag="050">||||||||g|||||</controlfield>
                    <controlfield tag="051">mw|||||||||||||</controlfield>
                    <datafield ind2="1" ind1="-" tag="060">
                        <subfield code="b">txt</subfield>
                        <subfield code="a">Text</subfield>
                    </datafield>
                    <datafield ind2="1" ind1="-" tag="061">
                        <subfield code="b">c</subfield>
                        <subfield code="a">Computermedien</subfield>
                    </datafield>
                    <datafield ind2="1" ind1="-" tag="062">
                        <subfield code="b">cr</subfield>
                        <subfield code="a">Online-Ressource</subfield>
                    </datafield>
                    <datafield ind2="1" ind1="a" tag="064">
                        <subfield code="a">Website</subfield>
                        <subfield code="9">(DE-588)4596172-4</subfield>
                    </datafield>
                    <datafield ind2="1" ind1="-" tag="070">
                        <subfield code="a">107</subfield>
                    </datafield>
                    <datafield ind2="1" ind1="b" tag="078">
                        <subfield code="a">Mindestkatalogisat</subfield>
                    </datafield>
                    <datafield ind2="1" ind1="r" tag="078">
                        <subfield code="a">107: edoweb</subfield>
                    </datafield>
                    <datafield ind2="1" ind1="-" tag="080">
                        <subfield code="a">60</subfield>
                    </datafield>
                    <datafield ind2="1" ind1="-" tag="200">
                        <subfield code="k">Verkehrsverein</subfield>
                        <subfield code="h">Speyer</subfield>
                        <subfield code="9">(DE-588)1025440-7</subfield>
                    </datafield>
                    <datafield ind2="1" ind1="-" tag="331">
                        <subfield code="a">Speyerer Brezelfest</subfield>
                    </datafield>
                    <datafield ind2="1" ind1="-" tag="419">
                        <subfield code="a">[Speyer]</subfield>
                        <subfield code="c">[2016?]-</subfield>
                    </datafield>
                    <datafield ind2="1" ind1="b" tag="425">
                        <subfield code="a">2016</subfield>
                    </datafield>
                    <datafield ind2="1" ind1="b" tag="552">
                        <subfield code="a">urn:nbn:de:hbz:929:02-edoweb:70046237</subfield>
                    </datafield>
                    <datafield ind2="1" ind1="e" tag="655">
                        <subfield code="u">http://www.speyerer-brezelfest.de/</subfield>
                        <subfield code="z">Archivierte Online-Ressource</subfield>
                        <subfield code="x">kostenfrei</subfield>
                        <subfield code="z">Langzeitarchivierung</subfield>
                    </datafield>
                    <datafield ind2="1" ind1="e" tag="655">
                        <subfield code="u">https://www.edoweb-rlp.de/resource/edoweb:7004623</subfield>
                        <subfield code="x">Archivierte Online-Ressource</subfield>
                    </datafield>
                    <datafield ind2="1" ind1="l" tag="700">
                        <subfield code="a">rpb734000</subfield>
                    </datafield>
                    <datafield ind2="1" ind1="l" tag="700">
                        <subfield code="a">630</subfield>
                    </datafield>
                    <datafield ind2="1" ind1="l" tag="700">
                        <subfield code="a">131</subfield>
                    </datafield>
                    <datafield ind2="1" ind1="l" tag="700">
                        <subfield code="a">106</subfield>
                    </datafield>
                    <datafield ind2="1" ind1="b" tag="700">
                        <subfield code="a">790</subfield>
                    </datafield>
                    <controlfield tag="SYS">021360321</controlfield>
                    <datafield ind2="1" ind1="-" tag="LOW">
                        <subfield code="a">R0003</subfield>
                    </datafield>
                    <datafield ind2=" " ind1=" " tag="088">
                        <subfield code="a">107</subfield>
                    </datafield>
                </record>
            </metadata>
        </record>
    </ListRecords>
</OAI-PMH>